
@misc{hao2011adaptive,
  title={Adaptive Riemannian metrics for improved geodesic tracking of white matter},
  author={Hao, Xiang and Whitaker, Ross T and Fletcher, P Thomas},
  booktitle={Biennial International Conference on Information Processing in Medical Imaging},
  pages={13--24},
  year={2011},
  organization={Springer}
}

@misc{gmres1,
  title = {Arnoldi Iteration and GMRES},
  howpublished = {\url{http://www.math.iit.edu/~fass/477577_Chapter_14.pdf}}
}

@misc{gmres2,
  title = {GMRES},
  howpublished = {\url{http://www.acme.byu.edu/wp-content/uploads/2014/09/Krylov2.pdf}}
}